@BOOK{Chandrasekhar_1961,
  title = {Hydrodynamic and {H}ydromagnetic {S}tability},
  publisher = {Clarendon Press, Oxford},
  year = {1961},
  author = {Chandrasekhar, S.},
  pages = {xix+654 pp. (16 plates)},
  series = {The International Series of Monographs on Physics},
  mrclass = {76.00},
  mrnumber = {0128226 (23 \#B1270)},
  mrreviewer = {J. W. Miles}
}

@ARTICLE{Beale_Kato_Majda_1984,
  author = {Beale, J. T. and Kato, T. and Majda, A. J.},
  title = {Remarks on the breakdown of smooth solutions for the {$3$}-{D} {E}uler equations},
  journal = {Comm. Math. Phys.},
  year = {1984},
  volume = {94},
  pages = {61--66},
  number = {1},
  coden = {CMPHAY},
  fjournal = {Communications in Mathematical Physics},
  issn = {0010-3616},
  mrclass = {35Q10 (76F99)},
  mrnumber = {763762 (85j:35154)}
}